<?xml version="1.0" encoding="UTF-8"?><record xmlns="http://www.loc.gov/MARC21/slim" xmlns:cinclude="http://apache.org/cocoon/include/1.0" xmlns:zs="http://www.loc.gov/zing/srw/">
  <leader>00587nz  a2200193n  4500</leader>
  <controlfield tag="001">no2006042985</controlfield>
  <controlfield tag="003">DLC</controlfield>
  <controlfield tag="005">20060428071029.0</controlfield>
  <controlfield tag="008">060417n| acaaaaaan          |n ana     c</controlfield>
  <datafield tag="010" ind1=" " ind2=" ">
    <subfield code="a">no2006042985</subfield>
  </datafield>
  <datafield tag="035" ind1=" " ind2=" ">
    <subfield code="a">(OCoLC)oca06923437</subfield>
  </datafield>
  <datafield tag="040" ind1=" " ind2=" ">
    <subfield code="a">MH-L</subfield>
    <subfield code="b">eng</subfield>
    <subfield code="c">MH-L</subfield>
  </datafield>
  <datafield tag="130" ind1=" " ind2="0">
    <subfield code="a">Gesundheitsrecht und Gesundheitswissenschaften</subfield>
  </datafield>
  <datafield tag="642" ind1=" " ind2=" ">
    <subfield code="a">Bd. 9</subfield>
    <subfield code="5">DPCC</subfield>
  </datafield>
  <datafield tag="643" ind1=" " ind2=" ">
    <subfield code="a">Baden-Baden</subfield>
    <subfield code="b">Nomos</subfield>
  </datafield>
  <datafield tag="644" ind1=" " ind2=" ">
    <subfield code="a">f</subfield>
    <subfield code="5">MH-L</subfield>
  </datafield>
  <datafield tag="645" ind1=" " ind2=" ">
    <subfield code="a">t</subfield>
    <subfield code="5">DPCC</subfield>
    <subfield code="5">MH-L</subfield>
  </datafield>
  <datafield tag="646" ind1=" " ind2=" ">
    <subfield code="a">s</subfield>
    <subfield code="5">MH-L</subfield>
  </datafield>
  <datafield tag="670" ind1=" " ind2=" ">
    <subfield code="a">AĚrtzliche Leitlinien im Medizin- und Gesundheitsrecht, 2005:</subfield>
    <subfield code="b">ser t.p. (Gesundheitsrecht und Gesundheitswissenschaften)</subfield>
  </datafield>
</record>